<?xml version="1.0" encoding="UTF-8"?><collection xmlns="http://www.loc.gov/MARC21/slim"><record><leader>00506nam--2200181-u-4500</leader><controlfield tag="001">000050844</controlfield><controlfield tag="002">20161230</controlfield><controlfield tag="005">20161230201048</controlfield><controlfield tag="008">080415s1000------------r-----000-0-eng-d</controlfield><datafield ind1=" " ind2=" " tag="040"><subfield code="a">IFIN-HH</subfield></datafield><datafield ind1="1" ind2=" " tag="100"><subfield code="a">Hirschowitz,Andre</subfield></datafield><datafield ind1="1" ind2="0" tag="245"><subfield code="a">Vector Bundles and Differential Equations. Proceedings, Nice, France June 12-17, 1979</subfield></datafield><datafield ind1=" " ind2=" " tag="260"><subfield code="a">Boston</subfield><subfield code="b">Bikhauser</subfield><subfield code="c">1980</subfield></datafield><datafield ind1=" " ind2=" " tag="300"><subfield code="a">249 p</subfield></datafield><datafield ind1=" " ind2=" " tag="490"><subfield code="a">Progress in mathematics</subfield><subfield code="v">Vol.7</subfield></datafield><datafield ind1=" " ind2="4" tag="650"><subfield code="a">Vector Bundles</subfield></datafield><datafield ind1=" " ind2=" " tag="852"><subfield code="a">51</subfield></datafield><datafield ind1=" " ind2=" " tag="CAT"><subfield code="a">Sys</subfield><subfield code="c">20080415</subfield><subfield code="h">090249</subfield></datafield></record></collection>